@article{ToosiRamin2021Taok,
issn = {0167-739X},
journal = {Future generation computer systems},
pages = {438--447},
volume = {115},
publisher = {Elsevier B.V},
year = {2021},
title = {Time–frequency analysis of keystroke dynamics for user authentication},
copyright = {2020},
language = {eng},
author = {Toosi, Ramin and Akhaee, Mohammad Ali},
keywords = {Analysis ; Biometry ; Dynamic time warping ; Keystroke dynamics ; Time–frequency analysis ; Wigner distribution}
}

@misc{pythonsoftwarefoundation_2022, 
title={Timeit - measure execution time of small code snippets},
url={https://docs.python.org/3/library/timeit.html},
journal={timeit - Measure execution time of small code snippets - Python 3.10.4 documentation},
author={Python Software Foundation},
year={2022},
month={Apr},
howpublished={https://docs.python.org/3/library/timeit.html},
note={Accessed: 20/03/2022}
}

@misc{subprocess, title={Subprocess - subprocess management}, url={https://docs.python.org/3/library/subprocess.html}, journal={subprocess - Subprocess management - Python 3.10.4 documentation}, author={Python Software Foundation}, year={2022}, month={Apr}, howpublished={https://docs.python.org/3/library/subprocess.html}, note={Accessed: 10/03/2022}}

@misc{getuser, title={Getpass - portable password input}, url={https://docs.python.org/3/library/getpass.html}, journal={getpass - Portable password input - Python 3.10.4 documentation}, author={Python Software Foundation}, year={2022}, month={Apr}, howpublished={https://docs.python.org/3/library/getpass.html}, note={Accessed: 20/02/2022}}

@misc{scipycommunity_2022, title={Scipy.spatial.distance.euclidean}, url={https://docs.scipy.org/doc/scipy/reference/generated/scipy.spatial.distance.euclidean.html}, journal={scipy.spatial.distance.euclidean - SciPy v1.8.0 Manual}, author={SCIPY Community}, year={2022}, month={Feb}, howpublished={https://docs.scipy.org/doc/scipy/reference/generated/scipy.spatial.distance.euclidean.html}, note={Accessed: 20/01/2022}}

@misc{tandi_2015, title={FASTDTW}, url={https://pypi.org/project/fastdtw/}, journal={PyPI}, author={Tandi, Kazuaki}, year={2015}, month={Mar}, howpublished={https://pypi.org/project/fastdtw/}, note={Accessed: 10/01/2022}}

@article{salvador_chan_2007, title={Toward accurate dynamic time warping in linear time and space}, volume={11}, DOI={10.3233/ida-2007-11508}, number={5}, journal={Intelligent Data Analysis}, author={Salvador, Stan and Chan, Philip}, year={2007}, pages={561–580}}

@misc{boppreh_2016, title={Keyboard}, url={https://pypi.org/project/keyboard}, journal={PyPI}, author={Boppreh}, year={2016}, month={Jan}, howpublished={https://pypi.org/project/keyboard}, note={Accessed: 30/11/2021}}